@BOOK{smt_book_koehn,
  author       = {Philipp Koehn},
  title        = {Statistical Machine Translation},
  publisher    = {Cambridge University Press},
  year         = {2010},
  isbn      	   = {978-0521874151}
}

@article{smt_phrase_based,
    author = {Philipp Koehn Franz and Franz Josef Och and Daniel Marcu},
    title = {Statistical Phrase-Based Translation},
    booktitle = {},
    year = {2003},
    pages = {127--133}
}


@article{smt_deep_learning1,
  author    = {Kyunghyun Cho and
               Bart van Merrienboer and
               {\c{C}}aglar G{\"{u}}l{\c{c}}ehre and
               Fethi Bougares and
               Holger Schwenk and
               Yoshua Bengio},
  title     = {Learning Phrase Representations using {RNN} Encoder-Decoder for Statistical
               Machine Translation},
  journal   = {CoRR},
  volume    = {abs/1406.1078},
  year      = {2014},
  url       = {http://arxiv.org/abs/1406.1078},
  timestamp = {Wed, 02 Jul 2014 08:24:58 +0200},
  biburl    = {http://dblp.uni-trier.de/rec/bib/journals/corr/ChoMGBSB14},
  bibsource = {dblp computer science bibliography, http://dblp.org}
}


@inproceedings{smt_deep_learning,
  author    = {Ilya Sutskever and
               Oriol Vinyals and
               Quoc V. Le},
  title     = {Sequence to Sequence Learning with Neural Networks},
  booktitle = {Advances in Neural Information Processing Systems 27: Annual Conference
               on Neural Information Processing Systems 2014, December 8-13 2014,
               Montreal, Quebec, Canada},
  pages     = {3104--3112},
  year      = {2014},
  url       = {http://papers.nips.cc/paper/5346-sequence-to-sequence-learning-with-neural-networks},
  timestamp = {Wed, 10 Dec 2014 21:34:12 +0100},
  biburl    = {http://dblp.uni-trier.de/rec/bib/conf/nips/SutskeverVL14},
  bibsource = {dblp computer science bibliography, http://dblp.org}
}
  %crossref  = {DBLP:conf/nips/2014},


@INPROCEEDINGS{bleu_score,
    author = {Kishore Papineni and Salim Roukos and Todd Ward and Wei-jing Zhu},
    title = {BLEU: a Method for Automatic Evaluation of Machine Translation},
    booktitle = {},
    year = {2002},
    pages = {311--318}
}

@Misc{moses,
  title =	"Moses: Open Source Toolkit for Statistical Machine
		 Translation",
  author =	"Philipp Koehn and Hieu Hoang and Alexandra Birch and
		 Chris Callison-burch and Richard Zens and Marcello
		 Federico and Nicola Bertoldi and Chris Dyer and Brooke
		 Cowan and Wade Shen and Christine Moran and Ondrej
		 Bojar and Alexandra Constantin and Evan Herbst",
  year = 	"2015",
  month =	aug # "~12",
  abstract =	"We describe an open-source toolkit for statistical
		 machine translation whose novel contributions are (a)
		 support for linguistically motivated factors, (b)
		 confusion network decoding, and (c) efficient data
		 formats for translation models and language models. In
		 addition to the SMT decoder, the toolkit also includes
		 a wide variety of tools for training, tuning and
		 applying the system to many translation tasks.",
  annote =	"The Pennsylvania State University CiteSeerX Archives",
  bibsource =	"OAI-PMH server at citeseerx.ist.psu.edu",
  language =	"en",
  oai =  	"oai:CiteSeerX.psu:10.1.1.323.6733",
  rights =	"Metadata may be used without restrictions as long as
		 the oai identifier remains attached to it.",
  URL =  	"http://citeseerx.ist.psu.edu/viewdoc/summary?doi=10.1.1.323.6733;
		 http://www.theorie.physik.uzh.ch/~corbett/publications/moses-toolkit.pdf",
}

@ARTICLE{giza_pp,
AUTHOR = {Franz Josef Och and Hermann Ney},
TITLE = {A Systematic Comparison of Various Statistical Alignment Models},
JOURNAL= {Computational Linguistics}, 
NUMBER = 1,
VOLUME = 29,
YEAR = 2003,
PAGES = {19--51}
}

@misc{website_google_translation_service,
  title = {Google Play App Translation Service},
  howpublished = {\url{http://android-developers.blogspot.ch/2013/11/app-translation-service-now-available.html}},
  note = {Accessed: 12 May 2016}
}

@misc{website_impact_of_translations_to_mobile_apps,
  title = {The Impact of App Translations},
  howpublished = {\url{https://web.archive.org/web/20150327084808/http://www.distimo.com/publications}},
  note = {Accessed: 5 May 2016},
  year = 2012,
  author = {Tiuri van Agten, Analyst at Distimo}
}

@misc{website_smt,
title = {Website dedicated to research in Statistical Machine Translation},
howpublished = {\url{http://www.statmt.org/}},
note = {Accessed: 12 May 2016}
}

@misc{website_tensorflow_tutorial,
title = {Sequence-to-Sequence Models with Tensorflow},
howpublished = {\url{https://www.tensorflow.org/versions/r0.8/tutorials/seq2seq/index.html\#sequence-to-sequence-models}},
note = {Accessed: 13 May 2016}
}

@misc{website_parallel_corpus,
title = {European Parliament Proceedings Parallel Corpus 1996-2011},
howpublished = {\url{http://www.statmt.org/europarl/}},
author = {Philipp Koehn},
note = {Accessed: 17 May 2016}
}

@misc{pdf_moses_manual,
title = {Moses User Manual and Code Guide},
howpublished = {\url{http://www.statmt.org/moses/manual/manual.pdf}},
author = {Philipp Koehn},
note = {Accessed: 17. May 2016}
}